[gd_scene load_steps=7 format=2]

[ext_resource path="res://scripts/scene/main.gd" type="Script" id=1]
[ext_resource path="res://Fonts/Times New Roman.ttf" type="DynamicFontData" id=2]
[ext_resource path="res://Scene/Resources_ui_template.tscn" type="PackedScene" id=3]
[ext_resource path="res://scene/management_menu_template.tscn" type="PackedScene" id=4]

[sub_resource type="DynamicFont" id=1]
size = 30
font_data = ExtResource( 2 )

[sub_resource type="DynamicFont" id=2]
size = 60
font_data = ExtResource( 2 )

[node name="Main" type="Node"]
script = ExtResource( 1 )

[node name="UI" type="Control" parent="."]
__meta__ = {
"_edit_use_anchors_": false
}

[node name="Background" type="ColorRect" parent="UI"]
margin_right = 1440.0
margin_bottom = 800.0
color = Color( 0.235294, 0.235294, 0.235294, 0.392157 )
__meta__ = {
"_edit_use_anchors_": false
}

[node name="VBoxContainer2" type="VBoxContainer" parent="UI"]
margin_right = 40.0
margin_bottom = 40.0

[node name="MenuButton" type="Button" parent="UI/VBoxContainer2"]
margin_right = 82.0
margin_bottom = 40.0
custom_fonts/font = SubResource( 1 )
custom_colors/font_color = Color( 1, 0.498718, 0.253906, 1 )
custom_colors/font_color_hover = Color( 0.960784, 0.658824, 0.513726, 1 )
text = "Menü"

[node name="UIResources" type="Control" parent="."]
margin_left = 100.0
margin_right = 100.0

[node name="ResourcesUi" parent="UIResources" instance=ExtResource( 3 )]

[node name="UserInformation" type="Control" parent="."]
margin_right = 40.0
margin_bottom = 40.0

[node name="VBoxContainer" type="VBoxContainer" parent="UserInformation"]
margin_left = 350.0
margin_top = 50.0
margin_right = 1089.0
margin_bottom = 117.0

[node name="UserOutput" type="Label" parent="UserInformation/VBoxContainer"]
margin_right = 739.0
margin_bottom = 67.0
custom_fonts/font = SubResource( 2 )
custom_colors/font_color = Color( 1, 0, 0, 1 )
custom_colors/font_color_shadow = Color( 1, 0, 0, 1 )

[node name="UserOutputTimer" type="Timer" parent="UserInformation/VBoxContainer"]
wait_time = 3.0

[node name="UIAdministrativeMenu" type="Control" parent="."]
anchor_left = 1.0
anchor_right = 1.0
margin_left = -40.0
margin_bottom = 40.0

[node name="AdministrativeMenu" parent="UIAdministrativeMenu" instance=ExtResource( 4 )]
[connection signal="pressed" from="UI/VBoxContainer2/MenuButton" to="." method="_on_MenuButton_pressed"]
[connection signal="timeout" from="UserInformation/VBoxContainer/UserOutputTimer" to="." method="_on_UserOutputTimer_timeout"]
